%% This BibTeX bibliography file was created using BibDesk.
%% http://bibdesk.sourceforge.net/


%% Created for Patrick Cooper at 2013-12-19 13:39:42 +1100 


%% Saved with string encoding Unicode (UTF-8) 



@article{Azouz,
	Author = {Azouz, R. and Gray, C. M.},
	Journal = {Neuron},
	Pages = {513-523},
	Title = {Adaptive coincidence detection and dynamic gain control in visual cortical neurons in vivo},
	Volume = {37},
	Year = {2003}}

@article{Braver,
	Author = {Braver, T. S.},
	Journal = {Trends Cogn Sci},
	Number = {2},
	Pages = {106-13},
	Title = {The variable nature of cognitive control: a dual mechanisms framework},
	Volume = {16},
	Year = {2012}}

@article{Cavanagh,
	Author = {Cavanagh, J. F. and Cohen, M. X. and Allen, J. J.},
	Journal = {J Neurosci},
	Number = {1},
	Pages = {98-105},
	Title = {Prelude to and resolution of an error: EEG phase synchrony reveals cognitive control dynamics during action monitoring},
	Volume = {29},
	Year = {2009}}

@article{Corbetta,
	Author = {Corbetta, Maurizio and Shulman, Gordon L.},
	Journal = {Nat Rev Neurosci},
	Number = {3},
	Pages = {201-215},
	Title = {Control of goal-directed and stimulus-driven attention in the brain},
	Volume = {3},
	Year = {2002}}

@article{Delorme,
	Author = {Delorme, A. and Makeig, S.},
	Journal = {Journal of Neuroscience Methods},
	Pages = {9-21},
	Title = {EEGLAB: an open source toolbox for analysis of single-trial EEG dynamics using independent component analysis},
	Volume = {134},
	Year = {2004}}

@article{Doesburg,
	Author = {Doesburg, S. M. and Green, J. J. and McDonald, J. J. and Ward, L. M.},
	Journal = {Brain Res},
	Pages = {97-110},
	Title = {From local inhibition to long-range integration: a functional dissociation of alpha-band synchronization across cortical scales in visuospatial attention},
	Volume = {1303},
	Year = {2009}}

@article{Doesburg2,
	Author = {Doesburg, S. M. and Ward, L. M.},
	Journal = {International Congress Series},
	Pages = {551-554},
	Title = {Long-distance alpha-band MEG synchronization maintains selective visual attention},
	Volume = {1300},
	Year = {2007}}

@article{Dosenbach,
	Author = {Dosenbach, N. U. and Fair, D. A. and Cohen, A. L. and Schlaggar, B. L. and Petersen, S. E.},
	Journal = {Trends Cogn Sci},
	Number = {3},
	Pages = {99-105},
	Title = {A dual-networks architecture of top-down control},
	Volume = {12},
	Year = {2008}}

@article{Engel,
	Author = {Engel, A. K. and Fries, P. and Singer, W.},
	Journal = {Nature Reviews Neuroscience},
	Pages = {704-716},
	Title = {Dynamic predictions: Oscillations and synchrony in top-down processing},
	Volume = {2},
	Year = {2001}}

@article{Fries,
	Author = {Fries, P.},
	Journal = {Trends in Cognitive Science},
	Number = {10},
	Pages = {474-480},
	Title = {A mechanism for cognitive dynamics: neuronal communication through neuronal coherence},
	Volume = {9},
	Year = {2005}}

@article{Huang,
	Author = {Huang, L. Y. and She, H. C. and Chou, W. C. and Chuang, M. H. and Duann, J. R. and Jung, T. P.},
	Journal = {Int J Psychophysiol},
	Number = {2},
	Pages = {172-9},
	Title = {Brain oscillation and connectivity during a chemistry visual working memory task},
	Volume = {90},
	Year = {2013}}

@article{Jensen,
	Author = {Jensen, O. and Colgin, L. L.},
	Journal = {Trends Cogn Sci},
	Number = {7},
	Pages = {267-9},
	Title = {Cross-frequency coupling between neuronal oscillations},
	Volume = {11},
	Year = {2007}}

@article{Kahlbrock,
	Author = {Kahlbrock, N. and Butz, M. and May, E. S. and Schnitzler, A.},
	Journal = {Neuroimage},
	Number = {1},
	Pages = {673-81},
	Title = {Sustained gamma band synchronization in early visual areas reflects the level of selective attention},
	Volume = {59},
	Year = {2012}}

@article{Karayanidis2009,
	Author = {Karayanidis, F. and Mansfield, E. L. and Galloway, K. L. and Smith, J. L. and Provost, A. and Heathcote, A.},
	Journal = {Cogn Affect Behav Neurosci},
	Number = {2},
	Pages = {202-15},
	Title = {Anticipatory reconfiguration elicited by fully and partially informative cues that validly predict a switch in task},
	Volume = {9},
	Year = {2009}}

@article{Kayser,
	Author = {Kayser, J. and Tenke, C. E.},
	Journal = {Clin Neurophysiol},
	Number = {2},
	Pages = {348-68},
	Title = {Principal components analysis of Laplacian waveforms as a generic method for identifying ERP generator patterns: I. Evaluation with auditory oddball tasks},
	Volume = {117},
	Year = {2006}}

@article{Klimesch,
	Author = {Klimesch, W. and Sauseng, P. and Hanslmayr, S.},
	Journal = {Brain Res Rev},
	Number = {1},
	Pages = {63-88},
	Title = {EEG alpha oscillations: the inhibition-timing hypothesis},
	Volume = {53},
	Year = {2007}}

@article{Luu,
	Author = {Luu, P. and Tucker, D. M. and Makeig, S.},
	Journal = {Clin Neurophysiol},
	Number = {8},
	Pages = {1821-35},
	Title = {Frontal midline theta and the error-related negativity: neurophysiological mechanisms of action regulation},
	Volume = {115},
	Year = {2004}}

@article{Mansfield2012,
	Author = {Mansfield, E. L. and Karayanidis, F. and Cohen, M. X.},
	Journal = {J Neurosci},
	Number = {50},
	Pages = {18253-8},
	Title = {Switch-related and general preparation processes in task-switching: evidence from multivariate pattern classification of EEG data},
	Volume = {32},
	Year = {2012}}

@article{Mansfield2011,
	Author = {Mansfield, E. L. and Karayanidis, F. and Jamadar, S. and Heathcote, A. and Forstmann, B. U.},
	Journal = {J Neurosci},
	Number = {41},
	Pages = {14688-92},
	Title = {Adjustments of response threshold during task switching: a model-based functional magnetic resonance imaging study},
	Volume = {31},
	Year = {2011}}

@article{Maris,
	Author = {Maris, E. and Womelsdorf, T. and Desimone, R. and Fries, P.},
	Journal = {Neuroimage},
	Pages = {99-116},
	Title = {Rhythmic neuronal synchronization in visual cortex entails spatial phase relation diversity that is modulated by stimulation and attention},
	Volume = {74},
	Year = {2013}}

@article{Miyake,
	Author = {Miyake, A. and Friedman, N. P. and Emerson, M. J. and Witzki, A. H. and Howerter, A. and Wager, T. D.},
	Journal = {Cogn Psychol},
	Number = {1},
	Pages = {49-100},
	Title = {The unity and diversity of executive functions and their contributions to complex "Frontal Lobe" tasks: a latent variable analysis},
	Volume = {41},
	Year = {2000}}

@article{Moore2006,
	Author = {Moore, R. A. and Gale, A. and Morris, P. H. and Forrester, D.},
	Journal = {Int J Psychophysiol},
	Number = {3},
	Pages = {260-73},
	Title = {Theta phase locking across the neocortex reflects cortico-hippocampal recursive communication during goal conflict resolution},
	Volume = {60},
	Year = {2006}}

@article{Moore2012,
	Author = {Moore, R. A. and Mills, M. and Marshman, P. and Corr, P. J.},
	Journal = {Int J Psychophysiol},
	Number = {2},
	Pages = {135-44},
	Title = {Behavioural Inhibition System (BIS) sensitivity differentiates EEG theta responses during goal conflict in a continuous monitoring task},
	Volume = {85},
	Year = {2012}}

@article{Nicholson2006,
	Author = {Nicholson, R. and Karayanidis, F. and Davies, A. and Michie, P. T.},
	Journal = {Brain Res},
	Number = {1},
	Pages = {160-76},
	Title = {Components of task-set reconfiguration: differential effects of 'switch-to' and 'switch-away' cues},
	Volume = {1121},
	Year = {2006}}

@article{Oostenveld,
	Author = {Oostenveld, R. and Fries, P. and Maris, E. and Schoffelen, J. M.},
	Journal = {Comput Intell Neurosci},
	Pages = {156869},
	Title = {FieldTrip: Open source software for advanced analysis of MEG, EEG, and invasive electrophysiological data},
	Volume = {2011},
	Year = {2011}}

@article{Palva2005,
	Author = {Palva, J. M. and Palva, S. and Kaila, K.},
	Journal = {J Neurosci},
	Number = {15},
	Pages = {3962-72},
	Title = {Phase synchrony among neuronal oscillations in the human cortex},
	Volume = {25},
	Year = {2005}}

@article{Papenberg,
	Author = {Papenberg, G. and Hammerer, D. and Muller, V. and Lindenberger, U. and Li, S. C.},
	Journal = {Neuroimage},
	Pages = {912-20},
	Title = {Lower theta inter-trial phase coherence during performance monitoring is related to higher reaction time variability: A lifespan study},
	Volume = {83},
	Year = {2013}}

@article{Pesonen,
	Author = {Pesonen, M. and Hamalainen, H. and Krause, C. M.},
	Journal = {Brain Res},
	Pages = {171-7},
	Title = {Brain oscillatory 4-30 Hz responses during a visual n-back memory task with varying memory load},
	Volume = {1138},
	Year = {2007}}

@article{SausengTSWT,
	Author = {Sauseng, P. and Klimesch, W. and Freunberger, R. and Pecherstorfer, T. and Hanslmayr, S. and Doppelmayr, M.},
	Journal = {Exp Brain Res},
	Number = {3},
	Pages = {295-301},
	Title = {Relevance of EEG alpha and theta oscillations during task switching},
	Volume = {170},
	Year = {2006}}

@article{Sauseng2005,
	Author = {Sauseng, P. and Klimesch, W. and Schabus, M. and Doppelmayr, M.},
	Journal = {Int J Psychophysiol},
	Number = {2},
	Pages = {97-103},
	Title = {Fronto-parietal EEG coherence in theta and upper alpha reflect central executive functions of working memory},
	Volume = {57},
	Year = {2005}}

@article{Seeley,
	Author = {Seeley, W. W. and Menon, V. and Schatzberg, A. F. and Keller, J. and Glover, G. H. and Kenna, H. and Reiss, A. L. and Greicius, M. D.},
	Journal = {J Neurosci},
	Number = {9},
	Pages = {2349-56},
	Title = {Dissociable intrinsic connectivity networks for salience processing and executive control},
	Volume = {27},
	Year = {2007}}

@article{Serrien,
	Author = {Serrien, D. J. and Pogosyan, A. H. and Cassidy, M. J. and Brown, P.},
	Journal = {Exp Brain Res},
	Number = {3},
	Pages = {359-67},
	Title = {Anticipatory cortico-cortical interactions: switching the task configuration between effectors},
	Volume = {154},
	Year = {2004}}

@article{Serrien2013,
	Author = {Serrien, D. J. and Sovijarvi-Spape, M. M.},
	Journal = {Brain Cogn},
	Number = {3},
	Pages = {283-90},
	Title = {Cognitive control of response inhibition and switching: hemispheric lateralization and hand preference},
	Volume = {82},
	Year = {2013}}

@article{Tallet,
	Author = {Tallet, J. and Barral, J. and Hauert, C. A.},
	Journal = {Brain Res},
	Pages = {68-76},
	Title = {Electro-cortical correlates of motor inhibition: a comparison between selective and non-selective stop tasks},
	Volume = {1284},
	Year = {2009}}

@article{Trujillo,
	Author = {Trujillo, L. T. and Allen, J. J.},
	Journal = {Clin Neurophysiol},
	Number = {3},
	Pages = {645-68},
	Title = {Theta EEG dynamics of the error-related negativity},
	Volume = {118},
	Year = {2007}}

@article{Vincent,
	Author = {Vincent, J. L. and Kahn, I. and Snyder, A. Z. and Raichle, M. E. and Buckner, R. L.},
	Journal = {J Neurophysiol},
	Number = {6},
	Pages = {3328-3342},
	Title = {Evidence for a Frontoparietal Control System Revealed by Intrinsic Functional Connectivity},
	Volume = {100},
	Year = {2008}}

@article{Womelsdorf,
	Author = {Womelsdorf, T. and Fries, P.},
	Journal = {J Physiol Paris},
	Number = {4},
	Pages = {182-93},
	Title = {Neuronal coherence during selective attentional processing and sensory-motor integration},
	Volume = {100},
	Year = {2006}}

@article{Wu,
	Author = {Wu, X. and Chen, X. and Li, Z. and Han, S. and Zhang, D.},
	Journal = {Neuroimage},
	Number = {4},
	Pages = {1654-62},
	Title = {Binding of verbal and spatial information in human working memory involves large-scale neural synchronization at theta frequency},
	Volume = {35},
	Year = {2007}}
